% 23172860 
@Article{pmid23172860,
   Author="Pervouchine, D. D.  and Knowles, D. G.  and Guigo, R. ",
   Title="{{I}ntron-centric estimation of alternative splicing from {R}{N}{A}-seq data}",
   Journal="Bioinformatics",
   Year="2013",
   Volume="29",
   Number="2",
   Pages="273--274",
   Month="Jan"
}

% 22955974 
@Article{pmid22955974,
   Author="Tilgner, H.  and Knowles, D. G.  and Johnson, R.  and Davis, C. A.  and Chakrabortty, S.  and Djebali, S.  and Curado, J.  and Snyder, M.  and Gingeras, T. R.  and Guigo, R. ",
   Title="{{D}eep sequencing of subcellular {R}{N}{A} fractions shows splicing to be predominantly co-transcriptional in the human genome but inefficient for lnc{R}{N}{A}s}",
   Journal="Genome Res.",
   Year="2012",
   Volume="22",
   Number="9",
   Pages="1616--1625",
   Month="Sep"
}

% 22537040 
@Article{pmid22537040,
   Author="Kakaradov, B.  and Xiong, H. Y.  and Lee, L. J.  and Jojic, N.  and Frey, B. J. ",
   Title="{{C}hallenges in estimating percent inclusion of alternatively spliced junctions from {R}{N}{A}-seq data}",
   Journal="BMC Bioinformatics",
   Year="2012",
   Volume="13 Suppl 6",
   Pages="S11"
}

